@misc{youtube_gm/Id,
  title        = "The gm/ID Design Methodology Demystified (English)",
  author       = "Mastering Microelectronics",
  howpublished = "\url{https://www.youtube.com/watch?v=dzz4z3ijVts}",
  year         = "2021",
  note         = "Accessed: July 19, 2024"
}

@book{razavi2005design,
  title={Design of analog CMOS integrated circuits},
  author={Razavi, Behzad},
  year={2005},
publisher={Tsinghua University Press Co., Ltd.}
}